<record><leader>00000cas a22000007a 4500</leader><controlfield tag="001">11775818</controlfield><controlfield tag="008">850307d18871913wiuwr ne      0    0eng d</controlfield><datafield ind1=" " ind2=" " tag="010"><subfield code="a">sn 85040213 </subfield></datafield><datafield ind1=" " ind2=" " tag="040"><subfield code="a">NPV</subfield><subfield code="b">eng</subfield><subfield code="c">NPV</subfield><subfield code="d">OCLCQ</subfield></datafield><datafield ind1=" " ind2=" " tag="042"><subfield code="a">msc</subfield></datafield><datafield ind1="0" ind2=" " tag="130"><subfield code="a">Tomahawk (Tomahawk, Wis.)</subfield></datafield><datafield ind1="1" ind2="4" tag="245"><subfield code="a">The tomahawk.</subfield></datafield><datafield ind1=" " ind2=" " tag="260"><subfield code="a">Tomahawk, Wis. :</subfield><subfield code="b">Tomahawk Pub.,</subfield><subfield code="c">-1913.</subfield></datafield><datafield ind1=" " ind2=" " tag="300"><subfield code="a">26 v. :</subfield><subfield code="b">ill.</subfield></datafield><datafield ind1=" " ind2=" " tag="310"><subfield code="a">Weekly</subfield></datafield><datafield ind1="0" ind2=" " tag="362"><subfield code="a">-twenty-sixth year, no. 47 (Sept. 17, 1913).</subfield></datafield><datafield ind1="1" ind2=" " tag="362"><subfield code="a">Began in June, 1887.</subfield><subfield code="z">Cf. Oehlerts, d. Guide to Wis. newspapers.</subfield></datafield><datafield ind1=" " ind2=" " tag="500"><subfield code="a">Publisher varies.</subfield></datafield><datafield ind1=" " ind2=" " tag="525"><subfield code="a">Supplements accompany some issues.</subfield></datafield><datafield ind1=" " ind2=" " tag="752"><subfield code="a">United States</subfield><subfield code="b">Wisconsin</subfield><subfield code="c">Lincoln</subfield><subfield code="d">Tomahawk.</subfield></datafield><datafield ind1="0" ind2="7" tag="785"><subfield code="t">Tomahawk leader</subfield><subfield code="w">(DLC)sn 86086361</subfield></datafield><datafield ind1="0" ind2="7" tag="785"><subfield code="t">Tomahawk leader and the tomahawk</subfield><subfield code="w">(DLC)sn 86086362</subfield></datafield></record>